@misc{DarcsWebSite,
  howpublished = "\url{http://www.darcs.net}"
}

